# Docs: http://www.fit.vutbr.cz/~martinek/latex/czechiso.html.cs.iso-8859-9

@misc{zmolikova-demo,
    title = {ISS projekt, studijni faze v Pythonu},
    url = {https://www.fit.vutbr.cz/~izmolikova/ISS/project},
    howpublished = {[online]},
    author = {Kateřina ŽMOLÍKOVÁ},
    note = {[vid. 2021-12-30]},
    key = {zmolikova}
}

@misc{study-phase,
    title = {Studijní etapa},
    url = {https://www.fit.vutbr.cz/study/courses/ISS/public/.cs},
    howpublished = {[online]},
    author = {Jan ČERNOCKÝ and Zdeněk JANČÍK and Michal FAPŠO and Oldřich PLCHOT and Tomáš MIKOLOV},
    note = {[vid. 2021-12-30]},
    key = {cernocky}
}

@misc{numpy-reference,
    title = {NumPy Reference},
    url = {https://numpy.org/doc/stable/reference/index.html},
    howpublished = {[online]},
    author = {The\textcolor{white}{\_}NumPy\textcolor{white}{\_}community},
    note = {[vid. 2021-12-30]},
    key = {thenumpy}
}

@misc{scipy-reference,
    title = {Signal processing (\texttt{scipy.signal})},
    url = {https://docs.scipy.org/doc/scipy/reference/signal.html},
    howpublished = {[online]},
    author = {The\textcolor{white}{\_}SciPy\textcolor{white}{\_}community},
    note = {[vid. 2021-12-30]},
    key = {thescipy}
}

@misc{matplotlib-reference,
    title = {API Reference},
    url = {https://matplotlib.org/stable/api/index},
    howpublished = {[online]},
    author = {John HUNTER and Darren DALE and Eric FIRING and Michael DROETTBOOM and The\textcolor{white}{\_}Matplotlib\textcolor{white}{\_}development\textcolor{white}{\_}\textbf{}team},
    note = {[vid. 2021-12-30]},
    key = {hunter}
}

@misc{soundfile-reference,
    title = {API Documentation},
    url = {https://pysoundfile.readthedocs.io/en/latest},
    howpublished = {[online]},
    author = {Bastian BECHTOLD and Matthias GEIER},
    note = {[vid. 2021-12-30]},
    key = {bechtold}
}

@misc{shutil-reference,
    title = {High-level file operations},
    url = {https://docs.python.org/3/library/shutil.html},
    howpublished = {[online]},
    author = {Python\textcolor{white}{\_}Software\textcolor{white}{\_}Foundation},
    note = {[vid. 2021-12-29]},
    key = {python}
}

@misc{dft-matrix,
    title = {Analýza  signálů ve  frekvenční oblasti},
    url = {http://www.kiv.zcu.cz/~mautner/Azs/Azs5_Fourierova_transformace.pdf},
    howpublished = {[online]},
    author = {Pavel MAUTNER},
    note = {[vid. 2021-12-29]},
    key = {mautner}
}
